@article{darmanis2015survey,
  title={A survey of human brain transcriptome diversity at the single cell level},
  author={Darmanis, Spyros and Sloan, Steven A and Zhang, Ye and Enge, Martin and Caneda, Christine and Shuer, Lawrence M and Gephart, Melanie G Hayden and Barres, Ben A and Quake, Stephen R},
  journal={Proceedings of the National Academy of Sciences},
  pages={201507125},
  year={2015},
  publisher={National Acad Sciences}
}
@inproceedings{lee2009group,
  title={Group nonnegative matrix factorization for EEG classification},
  author={Lee, Hyekyoung and Choi, Seungjin},
  booktitle={International Conference on Artificial Intelligence and Statistics},
  pages={320--327},
  year={2009}
}
@article{shin2012bayesian,
  title={Bayesian group nonnegative matrix factorization for eeg analysis},
  author={Shin, Bonggun and Oh, Alice},
  journal={arXiv preprint arXiv:1212.4347},
  year={2012}
}
@inproceedings{wang2012group,
  title={Group matrix factorization for scalable topic modeling},
  author={Wang, Quan and Cao, Zheng and Xu, Jun and Li, Hang},
  booktitle={Proceedings of the 35th international ACM SIGIR conference on Research and development in information retrieval},
  pages={375--384},
  year={2012},
  organization={ACM}
}
@article{shen2010cell,
  title={Cell type--specific gene expression differences in complex tissues},
  author={Shen-Orr, Shai S and Tibshirani, Robert and Khatri, Purvesh and Bodian, Dale L and Staedtler, Frank and Perry, Nicholas M and Hastie, Trevor and Sarwal, Minnie M and Davis, Mark M and Butte, Atul J},
  journal={Nature methods},
  volume={7},
  number={4},
  pages={287--289},
  year={2010},
  publisher={Nature Publishing Group}
}
@article{lin2007convergence,
  title={On the convergence of multiplicative update algorithms for nonnegative matrix factorization},
  author={Lin, Chih-Jen},
  journal={Neural Networks, IEEE Transactions on},
  volume={18},
  number={6},
  pages={1589--1596},
  year={2007},
  publisher={IEEE}
}
@article{grange2014cell,
  title={Cell-type--based model explaining coexpression patterns of genes in the brain},
  author={Grange, Pascal and Bohland, Jason W and Okaty, Benjamin W and Sugino, Ken and Bokil, Hemant and Nelson, Sacha B and Ng, Lydia and Hawrylycz, Michael and Mitra, Partha P},
  journal={Proceedings of the National Academy of Sciences},
  volume={111},
  number={14},
  pages={5397--5402},
  year={2014},
  publisher={National Acad Sciences}
}

@article{Herculano2014,
  title={All brains are made of this: a fundamental building block of brain matter with matching neuronal and glial masses},
  author={Mota, Bruno and Herculano-Houzel, Suzana},
  journal={Frontiers in neuroanatomy},
  volume={8},
  year={2014},
  url = {http://journal.frontiersin.org/article/10.3389/fnana.2014.00127/abstract },
  publisher={Frontiers Media SA}
}

@article{okaty2011cell,
  title={Cell type-specific transcriptomics in the brain},
  author={Okaty, Benjamin W and Sugino, Ken and Nelson, Sacha B},
  journal={The Journal of Neuroscience},
  volume={31},
  number={19},
  pages={6939--6943},
  year={2011},
  publisher={Soc Neuroscience}
}

@inproceedings{leenmfs,
  title={Algorithms for non-negative matrix factorization},
  author={Lee, Daniel D and Seung, H Sebastian},
  booktitle={Advances in neural information processing systems},
  pages={556--562},
  year={2001}
}


@article{lin2007projected,
  title={Projected gradient methods for nonnegative matrix factorization},
  author={Lin, Chih-Jen},
  journal={Neural computation},
  volume={19},
  number={10},
  pages={2756--2779},
  year={2007},
  publisher={MIT Press}
}

@article{gonzalez2005accelerating,
  title={Accelerating the Lee-Seung algorithm for non-negative matrix factorization},
  author={Gonzalez, Edward F and Zhang, Yin},
  year={2005},
  publisher={Citeseer}
}


@article{kim2011fast,
  title={Fast nonnegative matrix factorization: An active-set-like method and comparisons},
  author={Kim, Jingu and Park, Haesun},
  journal={SIAM Journal on Scientific Computing},
  volume={33},
  number={6},
  pages={3261--3281},
  year={2011},
  publisher={SIAM}
}

@article{kim2008activeset,
  title={Nonnegative matrix factorization based on alternating nonnegativity constrained least squares and active set method},
  author={Kim, Hyunsoo and Park, Haesun},
  journal={SIAM Journal on Matrix Analysis and Applications},
  volume={30},
  number={2},
  pages={713--730},
  year={2008},
  publisher={SIAM}
}
@article{zapala2005,
  title={Adult mouse brain gene expression patterns bear an embryologic imprint},
  author={Zapala, Matthew A and Hovatta, Iiris and Ellison, Julie A and Wodicka, Lisa and Del Rio, Jo A and Tennant, Richard and Tynan, Wendy and Broide, Ron S and Helton, Rob and Stoveken, Barbara S and others},
  journal={Proceedings of the National Academy of Sciences of the United States of America},
  volume={102},
  number={29},
  pages={10357--10362},
  year={2005},
  publisher={National Acad Sciences}
}
@article{kim2007sparse,
  title={Sparse non-negative matrix factorizations via alternating non-negativity-constrained least squares for microarray data analysis},
  author={Kim, Hyunsoo and Park, Haesun},
  journal={Bioinformatics},
  volume={23},
  number={12},
  pages={1495--1502},
  year={2007},
  publisher={Oxford Univ Press}
}

@article{barres2014,
  title={An RNA-sequencing transcriptome and splicing database of glia, neurons, and vascular cells of the cerebral cortex},
  author={Zhang, Ye and Chen, Kenian and Sloan, Steven A and Bennett, Mariko L and Scholze, Anja R and O'Keeffe, Sean and Phatnani, Hemali P and Guarnieri, Paolo and Caneda, Christine and Ruderisch, Nadine and others},
  journal={The Journal of Neuroscience},
  volume={34},
  number={36},
  pages={11929--11947},
  year={2014},
  publisher={Soc Neuroscience}
}

@article{shen2013computational,
  title={Computational deconvolution: extracting cell type-specific information from heterogeneous samples},
  author={Shen-Orr, Shai S and Gaujoux, Renaud},
  journal={Current opinion in immunology},
  volume={25},
  number={5},
  pages={571--578},
  year={2013},
  publisher={Elsevier}
}